<record><leader>00000cas a2200000 i 4500</leader><controlfield tag="001">850967976</controlfield><controlfield tag="006">m     o  d        </controlfield><controlfield tag="007">cr |||||||||||</controlfield><controlfield tag="008">130626d189u1906aluwr neo     0    0eng c</controlfield><datafield ind1=" " ind2=" " tag="010"><subfield code="a">  2013254374</subfield></datafield><datafield ind1=" " ind2=" " tag="040"><subfield code="a">AANWS</subfield><subfield code="b">eng</subfield><subfield code="e">rda</subfield><subfield code="c">AANWS</subfield><subfield code="d">CUS</subfield><subfield code="d">OCLCA</subfield><subfield code="d">OCLCF</subfield><subfield code="d">OCLCO</subfield></datafield><datafield ind1=" " ind2=" " tag="042"><subfield code="a">pcc</subfield></datafield><datafield ind1=" " ind2=" " tag="043"><subfield code="a">n-us-al</subfield></datafield><datafield ind1="1" ind2="4" tag="050"><subfield code="a">AN</subfield></datafield><datafield ind1="0" ind2=" " tag="130"><subfield code="a">Wide-awake (Birmingham, Ala.)</subfield></datafield><datafield ind1="1" ind2="0" tag="245"><subfield code="a">Wide-awake.</subfield></datafield><datafield ind1=" " ind2="1" tag="264"><subfield code="a">Birmingham, Ala. :</subfield><subfield code="b">[L.H. Harrison],</subfield><subfield code="c">-1906.</subfield></datafield><datafield ind1=" " ind2=" " tag="300"><subfield code="a">1 online resource</subfield></datafield><datafield ind1=" " ind2=" " tag="310"><subfield code="a">Weekly</subfield></datafield><datafield ind1=" " ind2=" " tag="336"><subfield code="a">text</subfield><subfield code="b">txt</subfield><subfield code="2">rdacontent</subfield></datafield><datafield ind1=" " ind2=" " tag="337"><subfield code="a">computer</subfield><subfield code="b">c</subfield><subfield code="2">rdamedia</subfield></datafield><datafield ind1=" " ind2=" " tag="338"><subfield code="a">online resource</subfield><subfield code="b">cr</subfield><subfield code="2">rdacarrier</subfield></datafield><datafield ind1="1" ind2=" " tag="362"><subfield code="a">Ceased with vol. 14, no. 18 (July 21, 1906)?</subfield></datafield><datafield ind1=" " ind2=" " tag="588"><subfield code="a">Description based on: Vol. XII, no. 3 (January 24, 1900); title from PDF masthead (Readex America's Historical Newspapers Web site, viewed June 26, 2013).</subfield></datafield><datafield ind1=" " ind2=" " tag="588"><subfield code="a">Latest issue consulted: Vol. XII, no. 3 (January 24, 1900) (viewed June 26, 2013).</subfield></datafield><datafield ind1=" " ind2="0" tag="650"><subfield code="a">African American newspapers</subfield><subfield code="z">Alabama.</subfield></datafield><datafield ind1=" " ind2="0" tag="650"><subfield code="a">African Americans</subfield><subfield code="z">Alabama</subfield><subfield code="v">Newspapers.</subfield></datafield><datafield ind1=" " ind2="0" tag="651"><subfield code="a">Birmingham (Ala.)</subfield><subfield code="v">Newspapers.</subfield></datafield><datafield ind1=" " ind2="0" tag="651"><subfield code="a">Jefferson County (Ala.)</subfield><subfield code="v">Newspapers.</subfield></datafield><datafield ind1=" " ind2="7" tag="655"><subfield code="a">Newspapers.</subfield><subfield code="2">fast</subfield><subfield code="0">(OCoLC)fst01423814</subfield></datafield><datafield ind1=" " ind2="7" tag="650"><subfield code="a">African American newspapers.</subfield><subfield code="2">fast</subfield><subfield code="0">(OCoLC)fst00799278</subfield></datafield><datafield ind1=" " ind2="7" tag="650"><subfield code="a">African Americans.</subfield><subfield code="2">fast</subfield><subfield code="0">(OCoLC)fst00799558</subfield></datafield><datafield ind1=" " ind2="7" tag="651"><subfield code="a">Alabama.</subfield><subfield code="2">fast</subfield><subfield code="0">(OCoLC)fst01204694</subfield></datafield><datafield ind1=" " ind2="7" tag="651"><subfield code="a">Alabama</subfield><subfield code="z">Birmingham.</subfield><subfield code="2">fast</subfield><subfield code="0">(OCoLC)fst01204958</subfield></datafield><datafield ind1=" " ind2="7" tag="651"><subfield code="a">Alabama</subfield><subfield code="z">Jefferson County.</subfield><subfield code="2">fast</subfield><subfield code="0">(OCoLC)fst01205965</subfield></datafield><datafield ind1=" " ind2=" " tag="752"><subfield code="a">United States</subfield><subfield code="b">Alabama</subfield><subfield code="c">Jefferson</subfield><subfield code="d">Birmingham.</subfield></datafield><datafield ind1="0" ind2="8" tag="776"><subfield code="i">Microfilm version:</subfield><subfield code="t">Wide-awake (Birmingham, Ala.)</subfield><subfield code="w">(OCoLC)2775228</subfield></datafield><datafield ind1="0" ind2="8" tag="776"><subfield code="i">Print version:</subfield><subfield code="t">Wide-awake (Birmingham, Ala.)</subfield><subfield code="w">(DLC)sn 83025484</subfield><subfield code="w">(OCoLC)9526349</subfield></datafield><datafield ind1="0" ind2="0" tag="780"><subfield code="t">Wide awake bulletin</subfield></datafield><datafield ind1="0" ind2="0" tag="785"><subfield code="t">Birmingham wide-awake</subfield></datafield><datafield ind1="4" ind2="0" tag="856"><subfield code="u">http://infoweb.newsbank.com/?db=EANX&amp;s_browseRef=decades/12B829E033872D68/all.xml</subfield></datafield></record>